<?xml version="1.0" encoding="UTF-8"?><collection xmlns="http://www.loc.gov/MARC21/slim"><record><leader>00448nam--2200133-i-4500</leader><controlfield tag="001">000002007</controlfield><controlfield tag="002">20161230</controlfield><controlfield tag="005">20161230201024</controlfield><controlfield tag="008">060222s1000------------r-----000-0-eng-d</controlfield><datafield ind1=" " ind2=" " tag="100"><subfield code="a">Erbe, H</subfield></datafield><datafield ind1=" " ind2=" " tag="245"><subfield code="a">Auswirkung der variationen der primaren kosmischen strahlung auf die mesonen-und nuckleonenkomponente am erdboden</subfield></datafield><datafield ind1=" " ind2=" " tag="260"><subfield code="a">Berlin, Springer-verlag, 1959. 36 P</subfield></datafield><datafield ind1=" " ind2=" " tag="490"><subfield code="a">Mitteilungen Aus Dem Max-planck-institut Fur Aeronomie,</subfield></datafield><datafield ind1=" " ind2=" " tag="852"><subfield code="a">7099</subfield></datafield></record></collection>